<record><leader>00000cas a22000007a 4500</leader><controlfield tag="001">10692988</controlfield><controlfield tag="008">840504d18721884wvuwr ne      0    0eng d</controlfield><datafield ind1=" " ind2=" " tag="010"><subfield code="a">sn 84026830 </subfield></datafield><datafield ind1=" " ind2=" " tag="040"><subfield code="a">NPU</subfield><subfield code="b">eng</subfield><subfield code="c">NPU</subfield><subfield code="d">NPX</subfield><subfield code="d">WVC</subfield><subfield code="d">DLC</subfield><subfield code="d">NVK</subfield><subfield code="d">OCL</subfield><subfield code="d">OCLCQ</subfield><subfield code="d">OCLCF</subfield><subfield code="d">OCLCO</subfield></datafield><datafield ind1="1" ind2=" " tag="029"><subfield code="a">AU@</subfield><subfield code="b">000020340116</subfield></datafield><datafield ind1=" " ind2=" " tag="042"><subfield code="a">msc</subfield></datafield><datafield ind1=" " ind2=" " tag="043"><subfield code="a">n-us-wv</subfield></datafield><datafield ind1="0" ind2="0" tag="050"><subfield code="a">Newspaper 10185-X</subfield></datafield><datafield ind1="0" ind2=" " tag="130"><subfield code="a">Border watchman (Union, W. Va.)</subfield></datafield><datafield ind1="1" ind2="4" tag="245"><subfield code="a">The Border watchman.</subfield></datafield><datafield ind1="1" ind2="3" tag="246"><subfield code="a">Watchman</subfield></datafield><datafield ind1=" " ind2=" " tag="260"><subfield code="a">Union, W. Va. :</subfield><subfield code="b">Elbert Fowler &amp; Co.,</subfield><subfield code="c">-1884.</subfield></datafield><datafield ind1=" " ind2=" " tag="300"><subfield code="a">v. ;</subfield><subfield code="c">61 cm.</subfield></datafield><datafield ind1=" " ind2=" " tag="310"><subfield code="a">Weekly</subfield></datafield><datafield ind1="1" ind2=" " tag="362"><subfield code="a">Began with Feb. 1, 1872 issue.</subfield><subfield code="z">Cf. Motley, Charles B. Gleanings of Monroe Co., W. Va. Hist.</subfield></datafield><datafield ind1="0" ind2=" " tag="362"><subfield code="a">-v. 13, no. 1 (Feb. 1, 1884).</subfield></datafield><datafield ind1=" " ind2=" " tag="500"><subfield code="a">"Democratic". Cf. Ayer, 1884.</subfield></datafield><datafield ind1=" " ind2=" " tag="500"><subfield code="a">Editors: Elbert Fowler, 1872; Joseph Bradfield, &lt;1876&gt;.</subfield></datafield><datafield ind1=" " ind2=" " tag="500"><subfield code="a">Other members of the Elbert Fowler Co. were Howard Templeton and W.M. Burrow.</subfield></datafield><datafield ind1=" " ind2=" " tag="500"><subfield code="a">Publishers varies: S.A. Houston &amp; Co., Jan., 1873-1876; Charles McL. Johnston, 1876-1880; Albert S. Johnston, 1880-1884.</subfield></datafield><datafield ind1=" " ind2=" " tag="588"><subfield code="a">Description based on: Vol. 1, no. 2 (Feb. 8, 1872).</subfield></datafield><datafield ind1=" " ind2="0" tag="651"><subfield code="a">Union (W. Va.)</subfield><subfield code="v">Newspapers.</subfield></datafield><datafield ind1=" " ind2="7" tag="655"><subfield code="a">Newspapers.</subfield><subfield code="2">fast</subfield><subfield code="0">(OCoLC)fst01423814</subfield></datafield><datafield ind1=" " ind2="7" tag="651"><subfield code="a">West Virginia</subfield><subfield code="z">Union.</subfield><subfield code="2">fast</subfield><subfield code="0">(OCoLC)fst01234697</subfield></datafield><datafield ind1=" " ind2=" " tag="752"><subfield code="a">United States</subfield><subfield code="b">West Virginia</subfield><subfield code="c">Monroe</subfield><subfield code="d">Union.</subfield></datafield><datafield ind1="0" ind2="0" tag="785"><subfield code="t">Monroe County watchman</subfield><subfield code="w">(DLC)sn 86092116</subfield></datafield></record>